@article{Segel2011,
author = {Segel, Edward and Heer, Jeffrey},
year = {2011},
month = {01},
pages = {1139-48},
title = {Narrative Visualization: Telling Stories with Data},
volume = {16},
journal = {IEEE transactions on visualization and computer graphics},
doi = {10.1109/TVCG.2010.179}
}

@misc{Palma2017,
      author = "Ragene Andrea L. Palma",
      title = "Urban planning and why it matters",
      year = "2017",
      url = "http://business.inquirer.net/241168/urban-planning-matters",
}

@article{Simao2009,
  title={Web-based GIS for collaborative planning and public participation: An application to the strategic planning of wind farm sites},
  author={Simao, Ana and Densham, Paul J and Haklay, Mordechai Muki},
  journal={Journal of environmental management},
  volume={90},
  number={6},
  pages={2027--2040},
  year={2009},
  publisher={Elsevier}
}

@article{evren2001transportation,
  title={Transportation planning problems in developing countries},
  author={Evren, Gungor and Akad, Murat},
  journal={Department of Transportation, Technical University of Istanbul, Working Paper},
  volume={143},
  pages={800},
  year={2001}
}


@misc{mahendra2016,
  title={Urban transport in developing countries: Balancing accessibility with aspiration},
  author={Mahendra, Anjali},
  year=2016,
  note={\url{https://sustainabledevelopment.un.org/content/documents/21674Mahendra_Urban\%20Access.pdf}},
}

@article{gwilliam1999public,
  title={Public Transport in the Developing World Quo Vadis?},
  author={Gwilliam, Ken},
  year={1999}
}

@ARTICLE{Lee2015,
author={B. {Lee} and N. H. {Riche} and P. {Isenberg} and S. {Carpendale}},
journal={IEEE Computer Graphics and Applications},
title={More Than Telling a Story: Transforming Data into Visually Shared Stories},
year={2015},
volume={35},
number={5},
pages={84-90},
keywords={data analysis;data visualisation;data transformation;data visualization;visual data storytelling process;Data visualization;Visualization;Narratives;Programming;Media;Context awareness;Professional communication;computer graphics;visualization;visual data story;narrative visualization;storytelling;presentation;communication;storytelling process},
doi={10.1109/MCG.2015.99},
ISSN={0272-1716},
month={Sep.},}

@INPROCEEDINGS{Pavel2013,
author={D. {Pavel} and D. {Trossen} and M. {Holweg} and V. {Callaghan}},
booktitle={2013 7th International Conference on Pervasive Computing Technologies for Healthcare and Workshops},
title={Lifestyle stories: Correlating user information through a story-inspired paradigm},
year={2013},
volume={},
number={},
pages={412-415},
keywords={data visualisation;personal information systems;user information;lifestyle management;story-inspired paradigm;automatic story creation framework;self-awareness;Servers;Pervasive computing;Computational modeling;Lifestyle monitoring;context-awareness;stories},
doi={10.4108/icst.pervasivehealth.2013.252131},
ISSN={2153-1633},
month={May},}

@INPROCEEDINGS{Layton2014,
author={R. A. {Layton} and R. A. {House} and M. W. {Ohland} and G. {Ricco}},
booktitle={2014 IEEE Frontiers in Education Conference (FIE) Proceedings},
title={Promoting more effective communication of stories in the data},
year={2014},
volume={},
number={},
pages={1-4},
keywords={computer aided instruction;data visualisation;design;engineering education;data display design;engineering education;visual convention;data visualization;Visualization;Engineering education;Data visualization;Communities;Sociology;Statistics;Bars},
doi={10.1109/FIE.2014.7044059},
ISSN={0190-5848},
month={Oct},}

@INPROCEEDINGS{Chan2016,
author={Y. {Chan} and H. {Qu}},
booktitle={2016 International Conference on Big Data and Smart Computing (BigComp)},
title={FinaVistory: Using Narrative Visualization to explain social and Economic relationships in financial news},
year={2016},
volume={},
number={},
pages={32-39},
keywords={data visualisation;financial data processing;information resources;pricing;socio-economic effects;narrative visualization;financial news;price fluctuation;socio-economic relationships;FinaVistory;Europe unemployment;financial crisis;oil price;Data visualization;Visualization;Economics;Indexes;Unemployment;Color;Media;Narrative Visualization;FinaVistory;Social and Economic Effects;Text Mining},
doi={10.1109/BIGCOMP.2016.7425798},
ISSN={2375-9356},
month={Jan},}

@ARTICLE{Shi2018,
author={Y. {Shi} and C. {Bryan} and S. {Bhamidipati} and Y. {Zhao} and Y. {Zhang} and K. {Ma}},
journal={IEEE Transactions on Visualization and Computer Graphics},
title={MeetingVis: Visual Narratives to Assist in Recalling Meeting Context and Content},
year={2018},
volume={24},
number={6},
pages={1918-1929},
keywords={audio signal processing;augmented reality;business data processing;data visualisation;human computer interaction;productivity;speech recognition;user interfaces;MeetingVis;augmented storyline visualization;visual narrative;team-based workplaces;meeting summarization;data pipeline;visual-based interface;summarized content;spoken audio processing;individual productivity;team productivity;business meeting context;speaker recognition;Visualization;Data visualization;Taxonomy;Task analysis;Pipelines;Communication channels;Design study;information visualization;meeting summarization;natural language processing;visual narrative;voice recognition},
doi={10.1109/TVCG.2018.2816203},
ISSN={1077-2626},
month={June},}

@INPROCEEDINGS{Figueiras2014,
author={A. {Figueiras}},
booktitle={2014 18th International Conference on Information Visualisation},
title={Narrative Visualization: A Case Study of How to Incorporate Narrative Elements in Existing Visualizations},
year={2014},
volume={},
number={},
pages={46-52},
keywords={data visualisation;humanities;Web sites;narrative visualization;narrative elements;complex information;storytelling;news media;visualization research Web sites;story-flow;Data visualization;Context;Visualization;Media;Rhetoric;Complexity theory;History;Storytelling;narrative visualization;case study},
doi={10.1109/IV.2014.79},
ISSN={1550-6037},
month={July},}

@ARTICLE{Chen2016,
author={W. {Chen} and T. {Lao} and J. {Xia} and X. {Huang} and B. {Zhu} and W. {Hu} and H. {Guan}},
journal={IEEE Transactions on Multimedia},
title={GameFlow: Narrative Visualization of NBA Basketball Games},
year={2016},
volume={18},
number={11},
pages={2247-2256},
keywords={data visualisation;sport;NBA basketball games;narrative visualization;GameFlow;Webcast;content-based cross-media;game reports;game analytical narrations;media producers;basketball games analytical commentary;domain knowledge;player locations;game events;player profiles;team profiles;basketball game data visualization;expressive visualization scheme;session level;multimedia NBA datasets;play-by-play text data;box score data;game video data;action area data;user feedbacks;Games;Data visualization;Videos;Trajectory;Statistical analysis;Visualization;Heating;Basketball games;game narration;visualization;video},
doi={10.1109/TMM.2016.2614221},
ISSN={1520-9210},
month={Nov},}

@inproceedings{Williford2019,
author = {Williford, Blake and Doke, Abhay and Pahud, Michel and Hinckley, Ken and Hammond, Tracy},
year = {2019},
month = {06},
pages = {198-209},
title = {DrawMyPhoto: Assisting Novices in Drawing from Photographs},
doi = {10.1145/3325480.3325507}
}

@inproceedings{Kim2015,
  title={Motif: Supporting Novice Creativity through Expert Patterns},
  author={Joy Kim and Mira Dontcheva and Wilmot Li and Michael S. Bernstein and Daniela Steinsapir},
  booktitle={CHI},
  year={2015}
}

@inproceedings{Peng2018,
author = {Peng, Yi-Hao and Tang, Hsien-Hui and Y. Chen, Mike and Hsi, Ming-Wei and Taele, Paul and Lin, Ting-Yu and Lai, Po-En and Hsu, Leon and Chen, Tzu-chuan and Wu, Te-Yen and Chen, Yu-An},
year = {2018},
month = {04},
pages = {1-10},
title = {SpeechBubbles: Enhancing Captioning Experiences for Deaf and Hard-of-Hearing People in Group Conversations},
doi = {10.1145/3173574.3173867}
}

@INPROCEEDINGS{Alhumaidan2015,
author={H. {Alhumaidan} and K. P. Y. {Lo} and A. {Selby}},
booktitle={2015 SAI Intelligent Systems Conference (IntelliSys)},
title={Co-design of augmented reality book for collaborative learning experience in primary education},
year={2015},
volume={},
number={},
pages={427-430},
keywords={augmented reality;computer aided instruction;educational institutions;human computer interaction;notebook computers;teaching;augmented reality book co-design;AR-based teaching material;collaborative learning experience enhancement;primary school education;interactive AR Book;primary school textbook;tablets;real time interface;AR-book design;primary school students;Education;Collaboration;Collaborative work;Human computer interaction;Art;Focusing;Prototypes;Augmented reality;augmented book;co-design;cooperative inquiry;child-computer-interaction;collaborative learning},
doi={10.1109/IntelliSys.2015.7361175},
ISSN={},
month={Nov},}













@Misc{CHINOSAUR:venue,
  author =       {@\_CHINOSAUR},
  key =          {_CHINOSAUR},
  howpublished = {Tweet},
  title =        {"VENUE IS TOO COLD" \#BINGO \#CHI2014},
  month =        {May},
  day =          1,
  year =         2014,
  note =         {Retrieved Febuary 2, 2015 from
                  \url{https://twitter.com/_CHINOSAUR/status/461864317415989248}},
  annote =       {Tweet}
}

@misc{supermetroid:snes,
	Address = {Kyoto, Japan},
	Author = {{Nintendo R\&D1} and {Intelligent Systems}},
	Day = {18},
	Howpublished = {Game [SNES]},
	Month = {April},
	Note = {Nintendo, Kyoto, Japan. Played August 2011.},
	Publisher = {Nintendo},
	Title = {\emph{Super Metroid}},
	Year = {1994}
}

@inproceedings{Klemmer:2002:WSC:503376.503378,
  author =       {Klemmer, Scott R. and Thomsen, Michael and
                  Phelps-Goodman, Ethan and Lee, Robert and Landay,
                  James A.},
  title =        {Where Do Web Sites Come from?: Capturing and
                  Interacting with Design History},
  booktitle =    {Proceedings of the SIGCHI Conference on Human
                  Factors in Computing Systems},
  series =       {CHI '02},
  year =         2002,
  isbn =         {1-58113-453-3},
  location =     {Minneapolis, Minnesota, USA},
  pages =        {1--8},
  url =          {http://doi.acm.org/10.1145/503376.503378},
  doi =          {10.1145/503376.503378},
  acmid =        503378,
  publisher =    {ACM},
  address =      {New York, NY, USA},
  keywords =     {CSCW, activity capture, design rationale, history
                  management, informal interfaces, sketching, tangible
                  UI, web design},
}

@inproceedings{Mather:2000:MUT,
  title =        {Making up titles for conference papers},
  author =       {Mather, B. D.},
  booktitle =    {Ext. Abstracts CHI 2000},
  year =         2000,
  publisher =    "ACM Press",
  pages =        "1-2",
}

@book{Schwartz:1995:GBF,
  title =        {Guidelines for Bias-Free Writing},
  author =       {Marilyn Schwartz},
  address =      {Bloomington, IN, USA},
  year =         1995,
  publisher =    {ERIC}
}

@inproceedings{Zellweger:2001:FAO:504216.504224,
  author =       {Zellweger, Polle T. and Bouvin, Niels Olof and
                  Jeh{\o}j, Henning and Mackinlay, Jock D.},
  title =        {Fluid annotations in an open world},
  booktitle =    {Proc. Hypertext 2001},
  year =         2001,
  pages =        {9--18},
  publisher =    {ACM Press},
}

@misc{acm_categories,
  key =          "ACM",
  author =       {ACM},
  title =        {How to Classify Works Using ACM's Computing
                  Classification System},
  year =         1998,
  note =         {\url{http://www.acm.org/class/how_to_use.html}},
}

@Misc{cavender:writing,
  author =       {Anna Cavender and Shari Trewin and Vicki Hanson},
  title =        {Accessible Writing Guide},
  year =         2014,
  day =          22,
  note =
                  {\url{http://www.sigaccess.org/welcome-to-sigaccess/resources/accessible-writing-guide/}},
  annote =       {URL}
}

@article{ethics,
  title =        {{Social Impacts of Computing: Codes of Professional
                  Ethics}},
  author =       {R. E. Anderson},
  doi =          "10.1177/089443939201000402",
  journal =      "Social Science Computer Review December",
  year =         1992,
  volume =       10,
  number =       4,
  pages =        "453-469"
}

@Misc{heilig:sensorama,
  author =       {Morton L. Heilig},
  title =        {Sensorama Simulator},
  howpublished = {U.S. Patent 3,050,870},
  month =        {August},
  day =          28,
  year =         1962,
  note =         {Filed Februrary 22, 1962.},
  annote =       {is this right?}
},

@article{kaye:puc,
  year =         2014,
  issn =         {1617-4909},
  journal =      {Personal and Ubiquitous Computing},
  volume =       18,
  number =       4,
  doi =          {10.1007/s00779-014-0773-4},
  title =        {Special issue on science fiction and ubiquitous
                  computing},
  url =          {http://dx.doi.org/10.1007/s00779-014-0773-4},
  publisher =    {Springer London},
  author =       {Kaye, Jofish and Dourish, Paul},
  pages =        {765-766},
  language =     {English}
}

@Misc{psy:gangnam,
  author =       {Psy},
  title =        {Gangnam Style},
  howpublished = {Video},
  month =        {July},
  day =          15,
  year =         2012,
  note =         {Retrieved August 22, 2014 from
                  \url{https://www.youtube.com/watch?v=9bZkp7q19f0}},
  annote =       {Video URL}
}

@PhdThesis{sutherland:sketchpad,
  author =       {Ivan E. Sutherland},
  title =        {Sketchpad, a Man-Machine Graphical Communication
                  System},
  school =       {Massachusetts Institute of Technology},
  year =         1963,
  address =      {Cambridge, MA},
}

@InBook{winner:politics,
  author =       {Langdon Winner},
  title =        {The Social Shaping of Technology},
  chapter =      {Do artifacts have politics?},
  publisher =    {Open University Press},
  year =         1999,
  address =      {UK},
  edition =      {2nd},
  pages =        {28--40},
}

@article{roschelle:2006,
author = {Roschelle, Jeremy and Penuel, William},
year = {2006},
month = {01},
pages = {606-612},
title = {Co-design of innovations with teachers: Definition and dynamics},
volume = {2},
isbn = {0-8058-6174-2}
}

@InProceedings{mazzone:2011,
author="Mazzone, Emanuela
and Read, Janet C.
and Beale, Russell",
editor="Campos, Pedro
and Graham, Nicholas
and Jorge, Joaquim
and Nunes, Nuno
and Palanque, Philippe
and Winckler, Marco",
title="Towards a Framework of Co-Design Sessions with Children",
booktitle="Human-Computer Interaction -- INTERACT 2011",
year="2011",
publisher="Springer Berlin Heidelberg",
address="Berlin, Heidelberg",
pages="632--635",
isbn="978-3-642-23768-3"
}

